@article{brewster1834xix,
  title={XIX. On the colours of natural bodies},
  author={Brewster, David},
  journal={Earth and Environmental Science Transactions of The Royal Society of Edinburgh},
  volume={12},
  number={2},
  pages={538--545},
  year={1834},
  publisher={Royal Society of Edinburgh Scotland Foundation},
  doi={10.1017/S0080456800031203}
}

@article{valeur2011brief,
  title={A brief history of fluorescence and phosphorescence before the emergence of quantum theory},
  author={Valeur, Bernard and Berberan-Santos, Mario N},
  journal={Journal of Chemical Education},
  volume={88},
  number={6},
  pages={731--738},
  year={2011},
  publisher={ACS Publications},
  doi={10.1021/ed100182h}
}

@article{herschel1845iv,
  title={IV.’A$\mu${\'o}$\rho$$\phi$$\omega$ a, no. I.—on a case of superficial colour presented by a homogeneous liquid internally colourless},
  author={Herschel, John Frederick William},
  journal={Philosophical Transactions of the Royal Society of London},
  number={135},
  pages={143--145},
  year={1845},
  publisher={The Royal Society London},
  doi={10.1098/rstl.1845.0004}
}

@article{stokes1852xxx,
  title={XXX. On the change of refrangibility of light},
  author={Stokes, George Gabriel},
  journal={Philosophical transactions of the Royal Society of London},
  number={142},
  pages={463--562},
  year={1852},
  publisher={The Royal Society London},
  doi={10.1098/rstl.1852.0022}
}
